<record><leader>00000cas a22000007a 4500</leader><controlfield tag="001">10863867</controlfield><controlfield tag="008">840620d18571858cauwr ne      0    0eng d</controlfield><datafield ind1=" " ind2=" " tag="010"><subfield code="a">sn 84027042 </subfield></datafield><datafield ind1=" " ind2=" " tag="040"><subfield code="a">NPU</subfield><subfield code="b">eng</subfield><subfield code="c">NPU</subfield><subfield code="d">NPX</subfield><subfield code="d">YOX</subfield><subfield code="d">CNK</subfield><subfield code="d">OCL</subfield><subfield code="d">OCLCQ</subfield></datafield><datafield ind1=" " ind2=" " tag="043"><subfield code="a">n-us-ca</subfield></datafield><datafield ind1="0" ind2="0" tag="245"><subfield code="a">Weekly wide West.</subfield></datafield><datafield ind1=" " ind2=" " tag="260"><subfield code="a">San Francisco, Calif. :</subfield><subfield code="b">E.G. Jefferis &amp; Co.</subfield></datafield><datafield ind1=" " ind2=" " tag="300"><subfield code="a">v. :</subfield><subfield code="b">ill. ;</subfield><subfield code="c">67 cm.</subfield></datafield><datafield ind1=" " ind2=" " tag="310"><subfield code="a">Weekly</subfield></datafield><datafield ind1="1" ind2=" " tag="362"><subfield code="a">Began in May 1857.</subfield></datafield><datafield ind1="0" ind2=" " tag="362"><subfield code="a">-v. 5, no. 2 (Mar. 21, 1858).</subfield></datafield><datafield ind1=" " ind2=" " tag="580"><subfield code="a">Steamer ed.: Wide West (San Francisco, Calif. : Semimonthly).</subfield></datafield><datafield ind1=" " ind2=" " tag="588"><subfield code="a">Description based on: Vol. 4, no. 12 (May 31, 1857) = whole no. 169.</subfield></datafield><datafield ind1=" " ind2="0" tag="651"><subfield code="a">San Francisco (Calif.)</subfield><subfield code="v">Newspapers.</subfield></datafield><datafield ind1=" " ind2=" " tag="752"><subfield code="a">United States</subfield><subfield code="b">California</subfield><subfield code="c">San Francisco</subfield><subfield code="d">San Francisco.</subfield></datafield><datafield ind1="1" ind2=" " tag="775"><subfield code="t">Wide West (San Francisco, Calif. : Semimonthly)</subfield><subfield code="w">(DLC)sn 84027043</subfield></datafield><datafield ind1="0" ind2="0" tag="780"><subfield code="t">Wide West (San Francisco, Calif. : Weekly)</subfield><subfield code="w">(DLC)sn 84027041</subfield></datafield><datafield ind1="0" ind2="0" tag="785"><subfield code="t">Wide West (San Francisco, Calif. : 1858)</subfield><subfield code="w">(DLC)sn 95062770</subfield></datafield></record>